<?xml version="1.0" encoding="utf-8"?>
<record xmlns="http://www.loc.gov/MARC21/slim" xmlns:xsi="http://www.w3.org/2001/XMLSchema-instance" xsi:schemaLocation="http://www.loc.gov/MARC21/slim http://www.loc.gov/standards/marcxml/schema/MARC21slim.xsd">
	<leader>     nam a22     Mi 4500</leader>
	<controlfield tag="001">b1248281x</controlfield>
	<controlfield tag="003">LeBAU</controlfield>
	<controlfield tag="006">m        d        </controlfield>
	<controlfield tag="007">cr cn |||m|||a</controlfield>
	<controlfield tag="008">210702m19551956le      od    000 0 ara d</controlfield>
	<datafield ind1=" " ind2=" " tag="040">
		<subfield code="a">ZYU</subfield>
		<subfield code="b">ara</subfield>
		<subfield code="e">rda</subfield>
		<subfield code="c">ZYU</subfield>
	</datafield>
	<datafield ind1="0" ind2="4" tag="082">
		<subfield code="a">492.73</subfield>
		<subfield code="2">23</subfield>
	</datafield>
	<datafield ind1="1" ind2=" " tag="100">
		<subfield code="6">880-01</subfield>
		<subfield code="a">Ibn Manẓūr, Muḥammad ibn Mukarram,</subfield>
		<subfield code="d">1232-1311 or 1312.</subfield>
		<subfield code="e">author.</subfield>
		<subfield code="0">https://lccn.loc.gov/n83043305 ,</subfield>
	</datafield>
	<datafield ind1="1" ind2="0" tag="245">
		<subfield code="6">880-02</subfield>
		<subfield code="a">Lisān al-ʻArab /</subfield>
		<subfield code="c">lil-Imām al-ʻAllāmah Abī al-Faḍl Jamāl al-Dīn Muḥammad bin Mukarram ibn Manẓūr al-Afrīqī al-Miṣrī.</subfield>
	</datafield>
	<datafield ind1=" " ind2="1" tag="264">
		<subfield code="6">880-03</subfield>
		<subfield code="a">Bayrūt :</subfield>
		<subfield code="b">Dār Ṣādir,</subfield>
		<subfield code="c">1374-1376 H. = 1955-1956 M.</subfield>
	</datafield>
	<datafield ind1=" " ind2=" " tag="300">
		<subfield code="6">880-04</subfield>
		<subfield code="a">online resource (15 volumes)</subfield>
	</datafield>
	<datafield ind1=" " ind2=" " tag="336">
		<subfield code="a">text</subfield>
		<subfield code="2">rdacontent</subfield>
	</datafield>
	<datafield ind1=" " ind2=" " tag="337">
		<subfield code="a">computer</subfield>
		<subfield code="2">rdamedia</subfield>
	</datafield>
	<datafield ind1=" " ind2=" " tag="338">
		<subfield code="a">online resource</subfield>
		<subfield code="2">rdacarrier</subfield>
	</datafield>
	<datafield ind1=" " ind2=" " tag="500">
		<subfield code="a">Part of the Arabic Collections Online (ACO) project, contributed by American University of Beirut's Jafet Memorial Library.</subfield>
	</datafield>
	<datafield ind1=" " ind2=" " tag="533">
		<subfield code="a">Electronic reproduction.</subfield>
		<subfield code="b">New York, N.Y. :</subfield>
		<subfield code="c">New York University,</subfield>
		<subfield code="d">2021.</subfield>
		<subfield code="5">NNU</subfield>
	</datafield>
	<datafield ind1=" " ind2="0" tag="650">
		<subfield code="6">880-05</subfield>
		<subfield code="a">Arabic language</subfield>
		<subfield code="v">Dictionaries.</subfield>
	</datafield>
	<datafield ind1="2" ind2=" " tag="710">
		<subfield code="a">Jafet Memorial Library.</subfield>
	</datafield>
	<datafield ind1="0" ind2=" " tag="730">
		<subfield code="a">Arabic Collections Online.</subfield>
	</datafield>
	<datafield ind1="0" ind2="8" tag="775">
		<subfield code="6">880-06</subfield>
		<subfield code="i">has designation of a named revision of an edition</subfield>
		<subfield code="4">http://rdaregistry.info/Elements/m/P30132 :</subfield>
		<subfield code="a">Ibn Manẓūr, Muḥammad ibn Mukarram, 1232-1311 or 1312.</subfield>
		<subfield code="t">Lisān al-ʻArab.</subfield>
		<subfield code="b">Ṭabʻah jadīdah, muḥaqqaqah wa-mashkūlah shaklan kāmilan wa-mudhayyalah bi-fahāris mufaṣṣalah.</subfield>
		<subfield code="d">[al-Qāhirah] : Dār al-Maʻārif, 1989</subfield>
		<subfield code="w">(LEAUB)b22079476</subfield>
	</datafield>
	<datafield ind1="0" ind2="8" tag="775">
		<subfield code="6">880-07</subfield>
		<subfield code="i">has designation of edition</subfield>
		<subfield code="4">http://rdaregistry.info/Elements/m/P30133 :</subfield>
		<subfield code="a">Ibn Manẓūr, Muḥammad ibn Mukarram, 1232-1311 or 1312.</subfield>
		<subfield code="t">Lisān al-ʻArab.</subfield>
		<subfield code="b">al-Ṭabʻah al-ūlá.</subfield>
		<subfield code="d">Būlāq, Miṣr : al-Maṭbaʻah al-Mīrīyah, 1300-1307 H., [1882-1889? M.]</subfield>
		<subfield code="w">(OCoLC)784339739</subfield>
		<subfield code="w">(OCoLC)784339739</subfield>
	</datafield>
	<datafield ind1="0" ind2="8" tag="775">
		<subfield code="6">880-08</subfield>
		<subfield code="i">has designation of edition</subfield>
		<subfield code="4">http://rdaregistry.info/Elements/m/P30133 :</subfield>
		<subfield code="a">Ibn Manẓūr, Muḥammad ibn Mukarram, 1232-1311 or 1312.</subfield>
		<subfield code="t">Lisān al-ʻArab.</subfield>
		<subfield code="d">Bayrūt : Dār Ṣādir, [1968]</subfield>
		<subfield code="w">(LEAUB)b18258001</subfield>
	</datafield>
	<datafield ind1="0" ind2="8" tag="776">
		<subfield code="i">Print version:</subfield>
		<subfield code="a">Ibn Manẓūr, Muḥammad ibn Mukarram, 1232-1311 or 1312. author. https://lccn.loc.gov/n83043305 ,</subfield>
		<subfield code="t">Lisān al-ʻArab</subfield>
		<subfield code="w">(LeBAU)b1248281x</subfield>
	</datafield>
	<datafield ind1="4" ind2="0" tag="856">
		<subfield code="u">http://hdl.handle.net/2333.1/4qrfjj8n</subfield>
	</datafield>
	<datafield ind1="1" ind2=" " tag="880">
		<subfield code="6">100-01</subfield>
		<subfield code="a">ابن منظور، ابو الفضل محمد بن مكرم،</subfield>
		<subfield code="d">1232-1311 او 1312،</subfield>
		<subfield code="0">https://lccn.loc.gov/n83043305 ,</subfield>
		<subfield code="e">مؤلف.</subfield>
		<subfield code="4">aut.</subfield>
	</datafield>
	<datafield ind1="1" ind2="0" tag="880">
		<subfield code="6">245-02</subfield>
		<subfield code="a">لسان العرب /</subfield>
		<subfield code="c">للامام العلامة ابي الفضل جمال الدين محمد بن مكرم بن منظور الافريقي المصري.</subfield>
	</datafield>
	<datafield ind1=" " ind2="1" tag="880">
		<subfield code="6">264-03</subfield>
		<subfield code="a">بيروت :</subfield>
		<subfield code="b">دار صادر،</subfield>
		<subfield code="c">1374-1376 هـ. = 1955-1956 م.</subfield>
	</datafield>
	<datafield ind1=" " ind2=" " tag="880">
		<subfield code="6">300-04</subfield>
		<subfield code="a">15 جزء ؛</subfield>
		<subfield code="c">29 سم</subfield>
	</datafield>
	<datafield ind1=" " ind2=" " tag="880">
		<subfield code="6">500-00</subfield>
		<subfield code="a">صفحة عنوان اضافية: Lisān al-ʻArab.</subfield>
	</datafield>
	<datafield ind1=" " ind2="4" tag="880">
		<subfield code="6">650-05</subfield>
		<subfield code="a">اللغة العربية</subfield>
		<subfield code="v">قواميس.</subfield>
	</datafield>
	<datafield ind1="0" ind2="8" tag="880">
		<subfield code="6">775-06</subfield>
		<subfield code="i">دلالة على طبعة منقحة</subfield>
		<subfield code="4">http://rdaregistry.info/Elements/m/P30132 :</subfield>
		<subfield code="a">ابن منظور، ابو الفضل محمد بن مكرم، 1232-1311 او 1312.</subfield>
		<subfield code="t">لسان العرب.</subfield>
		<subfield code="b">طبعة جديدة، محققة ومشكولة شكلا كاملا ومذيلة بفهارس مفصلة.</subfield>
		<subfield code="d">[القاهرة] : دار المعارف، 1989</subfield>
		<subfield code="w">(LEAUB)b22079476</subfield>
	</datafield>
	<datafield ind1="0" ind2="8" tag="880">
		<subfield code="6">775-07</subfield>
		<subfield code="i">دلالة على الطبعة</subfield>
		<subfield code="4">http://rdaregistry.info/Elements/m/P30133 :</subfield>
		<subfield code="a">ابن منظور، ابو الفضل محمد بن مكرم، 1232-1311 او 1312.</subfield>
		<subfield code="t">لسان العرب.</subfield>
		<subfield code="b">الطبعة الاولى.</subfield>
		<subfield code="d">بولاق، مصر : المطبعة الميرية، 1300-1307 هـ.، [1882-1889؟ م.]</subfield>
		<subfield code="w">(LEAUB)b1248278x</subfield>
		<subfield code="w">(OCoLC)784339739</subfield>
	</datafield>
	<datafield ind1="0" ind2="8" tag="880">
		<subfield code="6">775-08</subfield>
		<subfield code="i">دلالة على الطبعة</subfield>
		<subfield code="4">http://rdaregistry.info/Elements/m/P30133 :</subfield>
		<subfield code="a">ابن منظور، ابو الفضل محمد بن مكرم، 1232-1311 او 1312.</subfield>
		<subfield code="t">لسان العرب.</subfield>
		<subfield code="d">بيروت : دار صادر، [1968]</subfield>
		<subfield code="w">(LEAUB)b18258001</subfield>
	</datafield>
	<datafield ind1=" " ind2=" " tag="959">
		<subfield code="a">NNU</subfield>
		<subfield code="b">WEB</subfield>
		<subfield code="c">GENI</subfield>
		<subfield code="t">0</subfield>
		<subfield code="m">Electronic access</subfield>
		<subfield code="s">01</subfield>
	</datafield>
	<datafield ind1=" " ind2=" " tag="999">
		<subfield code="i">LeBAU_b1248281x</subfield>
		<subfield code="s">aub_aco004334:v.1</subfield>
		<subfield code="s">aub_aco004335:v.2</subfield>
		<subfield code="s">aub_aco004336:v.3</subfield>
		<subfield code="s">aub_aco004337:v.4</subfield>
		<subfield code="s">aub_aco004338:v.5</subfield>
		<subfield code="s">aub_aco004339:v.6</subfield>
		<subfield code="s">aub_aco004340:v.7</subfield>
		<subfield code="s">aub_aco004341:v.8</subfield>
		<subfield code="s">aub_aco004342:v.9</subfield>
		<subfield code="s">aub_aco004343:v.10</subfield>
		<subfield code="s">aub_aco004344:v.11</subfield>
		<subfield code="s">aub_aco004345:v.12</subfield>
		<subfield code="s">aub_aco004346:v.13</subfield>
		<subfield code="s">aub_aco004347:v.14</subfield>
		<subfield code="s">aub_aco004348:v.15</subfield>
		<subfield code="e">(ERROR-MISC)</subfield>
		<subfield code="s">aub_aco004334:v.1</subfield>
		<subfield code="s">aub_aco004335:v.2</subfield>
		<subfield code="s">aub_aco004336:v.3</subfield>
		<subfield code="s">aub_aco004337:v.4</subfield>
		<subfield code="s">aub_aco004338:v.5</subfield>
		<subfield code="s">aub_aco004339:v.6</subfield>
		<subfield code="s">aub_aco004340:v.7</subfield>
		<subfield code="s">aub_aco004341:v.8</subfield>
		<subfield code="s">aub_aco004342:v.9</subfield>
		<subfield code="s">aub_aco004343:v.10</subfield>
		<subfield code="s">aub_aco004344:v.11</subfield>
		<subfield code="s">aub_aco004345:v.12</subfield>
		<subfield code="s">aub_aco004346:v.13</subfield>
		<subfield code="s">aub_aco004347:v.14</subfield>
		<subfield code="s">aub_aco004348:v.15</subfield>
	</datafield>
</record>
